<record><leader>00000cas a22000007a 4500</leader><controlfield tag="001">14989183</controlfield><controlfield tag="008">861218d18471847pauwr ne      0   a0eng d</controlfield><datafield ind1=" " ind2=" " tag="010"><subfield code="a">sn 86083439 </subfield></datafield><datafield ind1=" " ind2=" " tag="040"><subfield code="a">NPH</subfield><subfield code="b">eng</subfield><subfield code="c">NPH</subfield><subfield code="d">OCLCQ</subfield><subfield code="d">DLC</subfield></datafield><datafield ind1="1" ind2=" " tag="022"><subfield code="a">2574-3651</subfield><subfield code="2">1</subfield></datafield><datafield ind1=" " ind2=" " tag="042"><subfield code="a">msc</subfield><subfield code="a">nsdp</subfield></datafield><datafield ind1="1" ind2="0" tag="050"><subfield code="a">ISSN RECORD</subfield></datafield><datafield ind1=" " ind2="0" tag="222"><subfield code="a">Lewisburg chronicle, and Union County general advertiser</subfield></datafield><datafield ind1="0" ind2="0" tag="245"><subfield code="a">Lewisburg chronicle, and Union County general advertiser.</subfield></datafield><datafield ind1="3" ind2="0" tag="246"><subfield code="a">Lewisburg chronicle &amp; advertiser</subfield></datafield><datafield ind1=" " ind2=" " tag="260"><subfield code="a">[Lewisburg, Pa.] :</subfield><subfield code="b">W.B. Shriner,</subfield><subfield code="c">-1847.</subfield></datafield><datafield ind1=" " ind2=" " tag="300"><subfield code="a">v. ;</subfield><subfield code="c">56 cm.</subfield></datafield><datafield ind1=" " ind2=" " tag="310"><subfield code="a">Weekly</subfield></datafield><datafield ind1="1" ind2=" " tag="362"><subfield code="a">Began in July 1847?</subfield></datafield><datafield ind1="0" ind2=" " tag="362"><subfield code="a">-v. 4, no. 39 (Dec. 11, 1847).</subfield></datafield><datafield ind1=" " ind2=" " tag="500"><subfield code="a">"A family journal: devoted to politics, literature, agriculture, science, morality, and general intelligence."</subfield></datafield><datafield ind1=" " ind2=" " tag="588"><subfield code="a">Description based on: Vol. 4, no. 20 (July 17, 1847).</subfield></datafield><datafield ind1=" " ind2=" " tag="752"><subfield code="a">United States</subfield><subfield code="b">Pennsylvania</subfield><subfield code="c">Union</subfield><subfield code="d">Lewisburg.</subfield></datafield><datafield ind1="0" ind2="0" tag="780"><subfield code="t">Lewisburg chronicle (Lewisburg, Pa. : 1843)</subfield><subfield code="x">2574-3635</subfield><subfield code="w">(DLC)sn 85055200</subfield><subfield code="w">(OCoLC)12920503</subfield></datafield><datafield ind1="0" ind2="0" tag="785"><subfield code="t">Lewisburg chronicle and West Branch general advertiser</subfield><subfield code="x">2574-3686</subfield><subfield code="w">(DLC)sn 85055198</subfield><subfield code="w">(OCoLC)12920487</subfield></datafield></record>